@BOOK(nn:haykin99,
 AUTHOR = "Haykin, S",
 TITLE = "Neural Networks: A Comprehensive Foundation", 
 PUBLISHER = {Prentice Hall},
 ADDRESS = {Upper Saddle River, NJ},
 YEAR = 1999)
